@article{scikit-learn,
 title={Scikit-learn: Machine Learning in {P}ython},
 author={Pedregosa, F. and Varoquaux, G. and Gramfort, A. and Michel, V.
         and Thirion, B. and Grisel, O. and Blondel, M. and Prettenhofer, P.
         and Weiss, R. and Dubourg, V. and Vanderplas, J. and Passos, A. and
         Cournapeau, D. and Brucher, M. and Perrot, M. and Duchesnay, E.},
 journal={Journal of Machine Learning Research},
 volume={12},
 pages={2825--2830},
 year={2011}
}
@inproceedings{zhu2009,
  title={MedLDA: maximum margin supervised topic models for regression and classification},
  author={Zhu, Jun and Ahmed, Amr and Xing, Eric P},
  booktitle={Proceedings of the 26th Annual International Conference on Machine Learning},
  pages={1257--1264},
  year={2009},
  organization={ACM}
}

@inproceedings{lacoste2009,
  title={DiscLDA: Discriminative learning for dimensionality reduction and classification},
  author={Lacoste-Julien, Simon and Sha, Fei and Jordan, Michael I},
  booktitle={Advances in neural information processing systems},
  pages={897--904},
  year={2009}
}
@book{bird2009,
  title={Natural language processing with Python},
  author={Bird, Steven and Klein, Ewan and Loper, Edward},
  year={2009},
  publisher={" O'Reilly Media, Inc."}
}
@article{Pang2008,
 title={Opinion Mining and Sentiment Analysis},
 author={Pang, B. and Lee, L.},
 journal={Journal Foundations and Trends in Information Retrieval},
 volume={2},
 pages={1--135},
 year={2008}
}
@article{Tang2009,
 title={A survey on sentiment detection of reviews},
 author={Tang, H. and Tan, S. and Cheng, X.},
 journal={Journal Expert Systems with Applications: An International Journal},
 volume={36},
 pages={10760--10773},
 year={2009}
}
@article{Pak2010,
 title={Twitter as a Corpus for Sentiment Analysis and Opinion Mining.},
 author={Tang, H. and Tan, S. and Cheng, X.},
 journal={InLREc},
 volume={10},
 Number={2010},
 year={2010}
}
@article{Zhang2011,
 title={Sentiment classification of Internet restaurant reviews written in Cantones},
 author={Zhang, Z. and Ye, Q. and Zhang, Z. and Li, Y.},
 journal={Journal Expert Systems with Applications: An International Journal},
 volume={38},
 pages={7674--7682},
 year={2011}
}